% This file was created with JabRef 2.6.
% Encoding: Cp1252

@inproceedings{general_inquirer,
  title={A computer approach to content analysis: studies using the [G]eneral [I]nquirer system},
  author={Stone, Philip J and Hunt, Earl B},
  booktitle={Proceedings of the May 21-23, 1963, spring joint computer conference},
  pages={241--256},
  year={1963},
  organization={ACM}
}

@article{emotion_verbs,
  title={A corpus-based construction of emotion verb scales},
  author={Fellbaum, Christiane and Mathieu, Yvette Yannick},
  journal={Linguistic Approaches to Emotions in Context},
  volume={241},
  pages={99},
  year={2014},
  publisher={John Benjamins Publishing Company}
}

@phdthesis{verbnet,
	AUTHOR = {Kipper-Schuler, Karin},
	TITLE        = {A Broad-Coverage Comprehensive Verb Lexicon},
	SCHOOL = {Computer and Information Science Dept., University of Pennsylvania},
	YEAR = {2005},
	Address = {Philadelphia, PA},
}


@inproceedings{annotated_gigaword,
  title={Annotated gigaword},
  author={Napoles, Courtney and Gormley, Matthew and Van Durme, Benjamin},
  booktitle={Proceedings of the Joint Workshop on Automatic Knowledge Base Construction and Web-scale Knowledge Extraction},
  pages={95--100},
  year={2012},
  organization={Association for Computational Linguistics}
}

@phdthesis{brooke2009semantic,
  title={A semantic approach to automated text sentiment analysis},
  author={Brooke, Julian},
  year={2009},
  school={Simon Fraser University}
}

@inproceedings{adjective_supersenses,
  title={Augmenting {E}nglish adjective senses with supersenses},
  author={Tsvetkov, Yulia and Schneider, Nathan and Hovy, Dirk and Bhatia, Archna and Faruqui, Manaal and Dyer, Chris},
  booktitle={Proc. of LREC},
  year={2014}
}

@article{harvesting_ontologizing,
  title={Automatically harvesting and ontologizing semantic relations},
  author={Pantel, Patrick and Pennacchiotti, Marco},
  journal={Ontology learning and population: Bridging the gap between text and knowledge},
  pages={171--198},
  year={2008},
  publisher={Citeseer}
}

@article{aharoni2014claims,
  title={Claims on demand--an initial demonstration of a system for automatic detection and polarity identification of context dependent claims in massive corpora},
  author={Aharoni, Ehud and Alzate, Carlos and Bar-Haim, Roy and Bilu, Yonatan and Dankin, Lena and Eiron, Iris and Hershcovich, Daniel and Hummel, Shay},
  journal={COLING 2014},
  pages={6},
  year={2014}
}

@article{nrc,
  title={Crowdsourcing a word-emotion association lexicon},
  author={Mohammad, Saif M and Turney, Peter D},
  journal={Computational Intelligence},
  volume={29},
  number={3},
  pages={436--465},
  year={2013},
  publisher={Wiley Online Library}
}

@inproceedings{supervised_lda,
  title={Exploring supervised [LDA] models for assigning attributes to adjective-noun phrases},
  author={Hartung, Matthias and Frank, Anette},
  booktitle={Proceedings of the Conference on Empirical Methods in Natural Language Processing},
  pages={540--551},
  year={2011},
  organization={Association for Computational Linguistics}
}

@inproceedings{emotions_novels_fairy_tales,
  title={From once upon a time to happily ever after: Tracking emotions in novels and fairy tales},
  author={Mohammad, Saif},
  booktitle={Proceedings of the 5th ACL-HLT Workshop on Language Technology for Cultural Heritage, Social Sciences, and Humanities},
  pages={105--114},
  year={2011},
  organization={Association for Computational Linguistics}
}

@inproceedings{adjective_noun_pairs,
  title={Large-scale visual sentiment ontology and detectors using adjective noun pairs},
  author={Borth, Damian and Ji, Rongrong and Chen, Tao and Breuel, Thomas and Chang, Shih-Fu},
  booktitle={Proceedings of the 21st ACM international conference on Multimedia},
  pages={223--232},
  year={2013},
  organization={ACM}
}

@article{twitter_hashtags_bootstrapping,
  title={Learning Emotion Indicators from Tweets: Hashtags, Hashtag Patterns, and Phrases},
  author={Qadir, Ashequl and Riloff, Ellen}
}

@article{depechemood,
  title={{D}epeche{M}ood: a Lexicon for Emotion Analysis from Crowd-Annotated News},
  author={Staiano, Jacopo and Guerini, Marco},
  journal={arXiv preprint arXiv:1405.1605},
  year={2014}
}

@incollection{emotion_holder,
  title={Emotion holder for emotional verbs--the role of subject and syntax},
  author={Das, Dipankar and Bandyopadhyay, Sivaji},
  booktitle={Computational Linguistics and Intelligent Text Processing},
  pages={385--393},
  year={2010},
  publisher={Springer}
}

@article{sentiment_analysis_summary_pang,
  title={Opinion mining and sentiment analysis},
  author={Pang, Bo and Lee, Lillian},
  journal={Foundations and trends in information retrieval},
  volume={2},
  number={1-2},
  pages={1--135},
  year={2008},
  publisher={Now Publishers Inc.}
}

@inproceedings{deep_sentiment_analysis,
  title={Recursive deep models for semantic compositionality over a sentiment treebank},
  author={Socher, Richard and Perelygin, Alex and Wu, Jean Y and Chuang, Jason and Manning, Christopher D and Ng, Andrew Y and Potts, Christopher},
  booktitle={Proceedings of the Conference on Empirical Methods in Natural Language Processing (EMNLP)},
  pages={1631--1642},
  year={2013},
  organization={Citeseer}
}

@inproceedings{scalar_properties_emotion_verbs,
  title={Scalar Properties of Emotion Verbs and Their Representation in {W}ord{N}et},
  author={Fellbaum, Christiane and Mathieu, Y Yannick},
  booktitle={GWC 2012 6th International Global Wordnet Conference},
  pages={105},
  year={2012}
}

@article{semantic_role_labeling_tweets,
  title={Semantic role labeling of emotions in tweets},
  author={Mohammad, Saif M and Zhu, Xiaodan and Martin, Joel},
  year={2013}
}

@article{sentiment_analysis_summary_liu,
  title={Sentiment analysis and opinion mining},
  author={Liu, Bing},
  journal={Synthesis Lectures on Human Language Technologies},
  volume={5},
  number={1},
  pages={1--167},
  year={2012},
  publisher={Morgan \& Claypool Publishers}
}

@inproceedings{wordnet-affect,
  title={{W}ord{N}et {A}ffect: an Affective Extension of {W}ord{N}et.},
  author={Strapparava, Carlo and Valitutti, Alessandro},
  booktitle={LREC},
  volume={4},
  pages={1083--1086},
  year={2004}
}

@inproceedings{nltk,
  title={{NLTK}: the natural language toolkit},
  author={Bird, Steven},
  booktitle={Proceedings of the COLING/ACL on Interactive presentation sessions},
  pages={69--72},
  year={2006},
  organization={Association for Computational Linguistics}
}

@article{kappa,
  title={An application of hierarchical kappa-type statistics in the assessment of majority agreement among multiple observers},
  author={Landis, J Richard and Koch, Gary G},
  journal={Biometrics},
  pages={363--374},
  year={1977},
  publisher={JSTOR}
}

@article{gigaword,
  title={English Gigaword Fifth Edition},
  author={Parker, Robert and Graff, David and Kong, Junbo and Chen, Ke and Maeda, Kazuaki},
  year={2011},
  publisher={Linguistic Data Consortium}
}

@inproceedings{pmi_discount,
  title={Automatically Labeling Semantic Classes.},
  author={Pantel, Patrick and Ravichandran, Deepak},
  booktitle={HLT-NAACL},
  volume={4},
  pages={321--328},
  year={2004}
}

@article{matt_dissertation_pmi,
  title={Semantic role labeling of implicit arguments for nominal predicates},
  author={Gerber, Matthew and Chai, Joyce Y},
  journal={Computational Linguistics},
  volume={38},
  number={4},
  pages={755--798},
  year={2012},
  publisher={MIT Press}
}

@article{sentiment_analysis_association_metrics,
  title={Sentiment analysis algorithms and applications: A survey},
  author={Medhat, Walaa and Hassan, Ahmed and Korashy, Hoda},
  journal={Ain Shams Engineering Journal},
  volume={5},
  number={4},
  pages={1093--1113},
  year={2014},
  publisher={Elsevier}
}

@article{mutual_action,
  title={Automatic event-level textual emotion sensing using mutual action histogram between entities},
  author={Lu, Cheng-Yu and Lin, Shian-Hua and Liu, Jen-Chang and Cruz-Lara, Samuel and Hong, Jen-Shin},
  journal={Expert systems with applications},
  volume={37},
  number={2},
  pages={1643--1653},
  year={2010},
  publisher={Elsevier}
}

@article{implicit_emotions,
  title={Detecting implicit expressions of emotion in text: A comparative analysis},
  author={Balahur, Alexandra and Hermida, Jes{\'u}s M and Montoyo, Andr{\'e}s},
  journal={Decision Support Systems},
  volume={53},
  number={4},
  pages={742--753},
  year={2012},
  publisher={Elsevier}
}

@book{facial_expressions,
  title={Unmasking the face: A guide to recognizing emotions from facial clues},
  author={Ekman, Paul and Friesen, Wallace V},
  year={2003},
  publisher={Ishk}
}

@article{ekman_basic_emotions,
  title={An argument for basic emotions},
  author={Ekman, Paul},
  journal={Cognition \& emotion},
  volume={6},
  number={3-4},
  pages={169--200},
  year={1992},
  publisher={Taylor \& Francis}
}

@article{dialogue_systems,
  title={Spatial presence and emotions during video game playing: Does it matter with whom you play?},
  author={Ravaja, Niklas and Saari, Timo and Turpeinen, Marko and Laarni, Jari and Salminen, Mikko and Kivikangas, Matias},
  journal={Presence: Teleoperators and Virtual Environments},
  volume={15},
  number={4},
  pages={381--392},
  year={2006},
  publisher={MIT Press}
}

@inproceedings{text-to-speech,
  title={Emotion analysis using latent affective folding and embedding},
  author={Bellegarda, Jerome R},
  booktitle={Proceedings of the NAACL HLT 2010 workshop on computational approaches to analysis and generation of emotion in text},
  pages={1--9},
  year={2010},
  organization={Association for Computational Linguistics}
}

@article{plutchik,
  title={A general psychoevolutionary theory of emotion},
  author={Plutchik, Robert},
  journal={Theories of emotion},
  volume={1},
  year={1980},
  publisher={New York, NY: Academic Press}
}

@article{sentiment_news,
  title={Large-Scale Sentiment Analysis for News and Blogs.},
  author={Godbole, Namrata and Srinivasaiah, Manja and Skiena, Steven},
  journal={ICWSM},
  volume={7},
  pages={21},
  year={2007}
}

@article{predict_stock_market,
  title={Twitter mood predicts the stock market},
  author={Bollen, Johan and Mao, Huina and Zeng, Xiaojun},
  journal={Journal of Computational Science},
  volume={2},
  number={1},
  pages={1--8},
  year={2011},
  publisher={Elsevier}
}

@inproceedings{general_inquirer_usage,
  title={Recognizing contextual polarity in phrase-level sentiment analysis},
  author={Wilson, Theresa and Wiebe, Janyce and Hoffmann, Paul},
  booktitle={Proceedings of the conference on human language technology and empirical methods in natural language processing},
  pages={347--354},
  year={2005},
  organization={Association for Computational Linguistics}
}

@inproceedings{sentiwordnet,
  title={Sentiwordnet: A publicly available lexical resource for opinion mining},
  author={Esuli, Andrea and Sebastiani, Fabrizio},
  booktitle={Proceedings of LREC},
  volume={6},
  pages={417--422},
  year={2006},
  organization={Citeseer}
}

@article{wordnet,
  title={WordNet: a lexical database for English},
  author={Miller, George A},
  journal={Communications of the ACM},
  volume={38},
  number={11},
  pages={39--41},
  year={1995},
  publisher={ACM}
}

@book{chi-square,
  title={Mining text data},
  author={Aggarwal, Charu C and Zhai, ChengXiang},
  year={2012},
  publisher={Springer Science \& Business Media}
}

@inproceedings{nrc_emolex,
  title={Tracking sentiment in mail: how genders differ on emotional axes},
  author={Mohammad, Saif M and Yang, Tony Wenda},
  booktitle={Proceedings of the 2nd Workshop on Computational Approaches to Subjectivity and Sentiment Analysis (ACL-HLT 2011},
  pages={70--79},
  year={2011}
}

@inproceedings{framenet,
  title={The berkeley framenet project},
  author={Baker, Collin F and Fillmore, Charles J and Lowe, John B},
  booktitle={Proceedings of the 17th international conference on Computational linguistics-Volume 1},
  pages={86--90},
  year={1998},
  organization={Association for Computational Linguistics}
}

@book{montague_semantics_compositionality,
  title={Introduction to Montague semantics},
  author={Dowty, David R and Wall, Robert and Peters, Stanley},
  volume={11},
  year={2012},
  publisher={Springer Science \& Business Media}
}

@inproceedings{twitter_hashtags_nrc,
  title={\# Emotional tweets},
  author={Mohammad, Saif M},
  booktitle={Proceedings of the First Joint Conference on Lexical and Computational Semantics-Volume 1: Proceedings of the main conference and the shared task, and Volume 2: Proceedings of the Sixth International Workshop on Semantic Evaluation},
  pages={246--255},
  year={2012},
  organization={Association for Computational Linguistics}
}

@inproceedings{benefactive_malefactive,
  title={Benefactive/Malefactive Event and Writer Attitude Annotation.},
  author={Deng, Lingjia and Choi, Yoonjung and Wiebe, Janyce},
  booktitle={ACL (2)},
  pages={120--125},
  year={2013}
}

@inproceedings{media_response_analysis,
  title={Opinion Mining in Newspaper Articles by Entropy-Based Word Connections.},
  author={Scholz, Thomas and Conrad, Stefan},
  booktitle={EMNLP},
  pages={1828--1839},
  year={2013}
}

@article{lda,
  title={Latent dirichlet allocation},
  author={Blei, David M and Ng, Andrew Y and Jordan, Michael I},
  journal={the Journal of machine Learning research},
  volume={3},
  pages={993--1022},
  year={2003},
  publisher={JMLR. org}
}

@article{mixture_of_unigrams,
  title={Text classification from labeled and unlabeled documents using EM},
  author={Nigam, Kamal and McCallum, Andrew Kachites and Thrun, Sebastian and Mitchell, Tom},
  journal={Machine learning},
  volume={39},
  number={2-3},
  pages={103--134},
  year={2000},
  publisher={Springer}
}

@inproceedings{plsi,
  title={Probabilistic latent semantic indexing},
  author={Hofmann, Thomas},
  booktitle={Proceedings of the 22nd annual international ACM SIGIR conference on Research and development in information retrieval},
  pages={50--57},
  year={1999},
  organization={ACM}
}

@inproceedings{lda_cite1,
  title={A latent dirichlet allocation method for selectional preferences},
  author={Ritter, Alan and Etzioni, Oren and others},
  booktitle={Proceedings of the 48th Annual Meeting of the Association for Computational Linguistics},
  pages={424--434},
  year={2010},
  organization={Association for Computational Linguistics}
}

@inproceedings{lda_cite2,
  title={Latent variable models of selectional preference},
  author={S{\'e}aghdha, Diarmuid O},
  booktitle={Proceedings of the 48th Annual Meeting of the Association for Computational Linguistics},
  pages={435--444},
  year={2010},
  organization={Association for Computational Linguistics}
}

@misc{mallet,
  title={A machine learning for language toolkit},
  author={Mallet, McCallum A},
  year={2002}
}

@misc{firth,
  title={A synopsis of linguistic theory, 1930--1955 Selected papers of JR Firth (1952--1959), FR Palmer, 168 205},
  author={Firth, JR},
  year={1968},
  publisher={London Longman}
}

@inproceedings{word_vectors_sentiment,
  title={Learning word vectors for sentiment analysis},
  author={Maas, Andrew L and Daly, Raymond E and Pham, Peter T and Huang, Dan and Ng, Andrew Y and Potts, Christopher},
  booktitle={Proceedings of the 49th Annual Meeting of the Association for Computational Linguistics: Human Language Technologies-Volume 1},
  pages={142--150},
  year={2011},
  organization={Association for Computational Linguistics}
}
